@misc{NationalInstruments2022FromNI,
    title = {{From Student to Engineer: Preparing Future Innovators With the NI LabVIEW RIO Architecture - NI}},
    year = {2022},
    author = {{National Instruments}},
    month = {2},
    url = {https://www.ni.com/sv-se/innovations/white-papers/14/from-student-to-engineer--preparing-future-innovators-with-the-n.html}
}

@misc{NationalInstruments2022MyRIO-1900,
    title = {{myRIO-1900}},
    year = {2022},
    author = {{National Instruments}},
    month = {4},
    url = {https://www.ni.com/sv-se/support/model.myrio-1900.html}
}

@misc{NationalInstruments2022WhatLabVIEW,
    title = {{What Is LabVIEW?}},
    year = {2022},
    author = {{National Instruments}},
    month = {4},
    url = {https://www.ni.com/sv-se/shop/labview.html}
}